@ARTICLE{Chirikjian1995The,
	author={G. S. Chirikjian and J. W. Burdick},
	journal={IEEE Transactions on Robotics and Automation},
	title={The kinematics of hyper-redundant robot locomotion},
	year={1995},
	volume={11},
	number={6},
	pages={781-793},
	month={Dec}
}
@INPROCEEDINGS{DogAndSnake,
	author={A. Ferworn and C. Wright and J. Tran and C. Li and H. Choset},
	booktitle={2012 IEEE International Symposium on Safety, Security, and Rescue Robotics (SSRR)},
	title={Dog and snake marsupial cooperation for urban search and rescue deployment},
	year={2012},
	pages={1-5},
	month={Nov},
}
@ARTICLE{ACMTutorial,
	author={S. Hirose and H. Yamada},
	journal={IEEE Robotics Automation Magazine},
	title={Snake-like robots [Tutorial]},
	year={2009},
	volume={16},
	number={1},
	pages={88-98},
	month={March},
}
@inproceedings{Kuwada2007Snake,
	title={Snake-like robot negotiating three-dimensional pipelines},
	author={Kuwada, A. and Adomi, Yudai and Suzumori, K. and Takefumi},
	booktitle={IEEE International Conference on Robotics and Biomimetics},
	pages={989-994},
	year={2007},
}
@inproceedings{mori2002three,
	title={Three-dimensional serpentine motion and lateral rolling by active cord mechanism ACM-R3},
	author={Mori, Makoto and Hirose, Shigeo},
	booktitle={Intelligent Robots and Systems, 2002. IEEE/RSJ International Conference on},
	volume={1},
	pages={829--834},
	year={2002},
	organization={IEEE}
}
@INPROCEEDINGS{1014757,
	author={T. Kamegawa and F. Matsuno and R. Chatterjee},
	booktitle={Proceedings 2002 IEEE International Conference on Robotics and Automation (Cat. No.02CH37292)},
	title={Proposition of twisting mode of locomotion and GA based motion planning for transition of locomotion modes of 3-dimensional snake-like robot},
	year={2002},
	volume={2},
	pages={1507-1512 vol.2},
	keywords={genetic algorithms;mobile robots;path planning;redundancy;3D snake-like robot;GA based motion planning;bridge mode;genetic algorithm;hyper-redundant snake-like robot;inching mode;locomotion modes;ring mode;shape transition;statics;twisting mode;Bridges;Genetic algorithms;Intelligent robots;Manipulators;Mobile robots;Motion planning;Path planning;Prototypes;Shape;Strategic planning},
	doi={10.1109/ROBOT.2002.1014757},
	month={},}
@inproceedings{Date2005Control,
	title={Control of 3D Snake-Like Locomotive Mechanism Based on Continuum Modeling},
	author={Date, Hisashi and Takita, Yoshihiro},
	booktitle={ASME 2005 International Design Engineering Technical Conferences and Computers and Information in Engineering Conference},
	pages={1351-1359},
	year={2005},
}
@INPROCEEDINGS{GaitBasedCompliant,
	author={D. Rollinson and H. Choset},
	booktitle={2013 IEEE International Conference on Robotics and Automation},
	title={Gait-based compliant control for snake robots},
	year={2013},
	pages={5138-5143},
	keywords={Kalman filters;closed loop systems;mobile robots;motion control;parameter estimation;robot kinematics;trajectory control;EKF;autonomous compliant behavior;extended Kalman filter;gait parameters estimation;gait-based compliant control;high-level closed-loop control;low-dimensional gait framework;mechanical compliance;open-loop trajectory generation;parameter control space;robot joints;robot whole-body motion;snake robots;stiff gear ratios;torque sensing;Joints;Measurement uncertainty;Noise;Noise measurement;Robot sensing systems;Shape},
	doi={10.1109/ICRA.2013.6631311},
	ISSN={1050-4729},
	month={May},}
@INPROCEEDINGS{5152862,
	author={T. Kamegawa and T. Harada and A. Gofuku},
	booktitle={2009 IEEE International Conference on Robotics and Automation},
	title={Realization of cylinder climbing locomotion with helical form by a snake robot with passive wheels},
	year={2009},
	pages={3067-3072},
	keywords={gait analysis;mobile robots;robot dynamics;cylinder climbing locomotion;multiple locomotion gaits;passive wheels;pitch axis;snake robot;yaw axis;Communication system control;Engine cylinders;Friction;Joining processes;Mathematical model;Mobile robots;Orbital robotics;Robotic assembly;Robotics and automation;Wheels},
	doi={10.1109/ROBOT.2009.5152862},
	ISSN={1050-4729},
	month={May},}
@INPROCEEDINGS{5602354,
	author={T. Baba and Y. Kameyama and T. Kamegawa and A. Gofuku},
	booktitle={Proceedings of SICE Annual Conference 2010},
	title={A snake robot propelling inside of a pipe with helical rolling motion},
	year={2010},
	pages={2319-2325},
	keywords={gait analysis;legged locomotion;motion control;conical spiral form;helical rolling motion;locomotion gaits;mathematical continuum curve model;pitch axis;snake robot propelling;yaw axis;Joints;Mobile robots;Propulsion;Robot kinematics;Shape;Spirals;Conical Spiral Form;Helical Form;Helical Rolling Motion;Lateral Rolling;Snake Robot},
	month={Aug},}
@INPROCEEDINGS{Cluseter_ICT,
	author={A. Widodo and I. Budi},
	booktitle={2011 International Conference on Semantic Technology and Information Retrieval},
	title={Clustering patent document in the field of ICT (Information amp; Communication Technology)},
	year={2011},
	pages={203-208},
	keywords={document handling;information technology;patents;pattern classification;pattern clustering;singular value decomposition;F-Measure validation;ICT field;KMeans++ algorithm;SVD;Silhouette validation;WIPO;hierarchical clustering;information and communication technology;international patent classification;patent data classification;patent document clustering;patent registration;singular value decomposition;world intellectual property organization;Abstracts;Clustering algorithms;Indexing;Matrix decomposition;Patents;Singular value decomposition;Clustering;Information & Communication Technology;Kmeans;Patent;Singular Value Decomposition},
	doi={10.1109/STAIR.2011.5995789},
	ISSN={2166-0697},
	month={June},}
@INPROCEEDINGS{KmeansAndDeepLearning,
	author={M. Dundar and Q. Kou and B. Zhang and Y. He and B. Rajwa},
	booktitle={2015 IEEE 14th International Conference on Machine Learning and Applications (ICMLA)},
	title={Simplicity of Kmeans Versus Deepness of Deep Learning: A Case of Unsupervised Feature Learning with Limited Data},
	year={2015},
	pages={883-888},
	keywords={biology computing;data handling;feature extraction;image classification;image representation;microorganisms;unsupervised learning;K-means-based representation learning;K-means-based unsupervised feature learning;bacterial culture;biodetection application;data augmentation classifier performance;deep learning techniques;feature extraction;limited data;limited interclass diversity;limited intraclass diversity;Encoding;Feature extraction;Machine learning;Microorganisms;Neural networks;Testing;Training;bio-detection;deep learning;kmeans clustering;unsupervised feature learning},
	doi={10.1109/ICMLA.2015.78},
	month={Dec},}
@INPROCEEDINGS{WaveformEntropyVariance,
	author={F. Zhu and Y. Feng and Y. Luo and Q. Zhang},
	booktitle={2008 International Conference on Communications, Circuits and Systems},
	title={A novel method of identifying moving status of bird based on waveform entropy variance},
	year={2008},
	pages={922-926},
	keywords={Doppler effect;radar imaging;synthetic aperture radar;HRRP;ISAR imaging;frequency stepped chirp signal;high resolution radar;high resolution range profile;micro Doppler effects;moving status;waveform entropy variance;Chirp;Distance measurement;Entropy;Imaging;Radar;Radar imaging;Spectrogram},
	doi={10.1109/ICCCAS.2008.4657919},
	month={May},}
@INPROCEEDINGS{EntropyandVarianceasRiskMeasure,
	author={L. Yang},
	booktitle={2012 Fifth International Conference on Business Intelligence and Financial Engineering},
	title={Study on Cumulative Residual Entropy and Variance as Risk Measure},
	year={2012},
	pages={210-213},
	keywords={correlation theory;entropy;risk analysis;statistical distributions;stock markets;CRE;cumulative residual entropy;heavy tail distribution;linear correlation;risk measurement;standard deviation;stock return;variance;Correlation;Density functional theory;Entropy;Indexes;Measurement uncertainty;Random variables;Standards;cumulative residual entropy;heavy-tailed distribution;shannon's entropy;variance},
	doi={10.1109/BIFE.2012.52},
	month={Aug},}
@INPROCEEDINGS{UsingEntropyAndVariance,
	author={N. Bagherzadeh and S. J. S. Mahdavi},
	booktitle={2015 International Congress on Technology, Communication and Knowledge (ICTCK)},
	title={A new modified IWO algorithm by using entropy and variance},
	year={2015},
	pages={441-446},
	keywords={biological techniques;biology computing;entropy;evolutionary computation;entropy;evolutionary algorithms;invasive weed optimization;meta-heuristic algorithm;variance;Algorithm design and analysis;Entropy;Evolutionary computation;Linear antenna arrays;Optimization;Sociology;Standards;Invasive Weed Optimization;entropy;evolutionary algorithms;optimization;variance},
	doi={10.1109/ICTCK.2015.7582710},
	month={Nov},}
@ARTICLE{gradientMethod,
	author={M. Garcia-Sanz and J. Florez},
	journal={IEE Proceedings - Control Theory and Applications},
	title={Adaptive optimum start-up and shut-down time controllers for heating systems based on a robust gradient method},
	year={1994},
	volume={141},
	number={5},
	pages={323-328},
	keywords={adaptive control;building;optimal control;space heating;temperature control;adaptive optimum controller;buildings;energy savings;heating systems;parameter tuning;robust gradient method;shut-down time controllers;start-up time controller},
	doi={10.1049/ip-cta:19941372},
	ISSN={1350-2379},
	month={Sep},}
@ARTICLE{MSEestimates,
	author={L. D. Abreu and J. L. Romero},
	journal={IEEE Transactions on Information Theory},
	title={MSE estimates for multitaper spectral estimation and off-grid compressive sensing},
	year={2017},
	volume={PP},
	number={99},
	pages={1-1},
	keywords={Bandwidth;Eigenvalues and eigenfunctions;Estimation;Harmonic analysis;Kernel;Smoothing methods;Spectral analysis;Mean squared error;Multitaper estimation;Slepian function;Thomsonâ€™s method;multi-band signal;spectral window},
	doi={10.1109/TIT.2017.2718963},
	ISSN={0018-9448},
	month={},}
@INPROCEEDINGS{HiroseSine,
	author={H. Ohno and S. Hirose},
	booktitle={Proceedings 2001 IEEE/RSJ International Conference on Intelligent Robots and Systems. Expanding the Societal Role of Robotics in the the Next Millennium (Cat. No.01CH37180)},
	title={Design of slim slime robot and its gait of locomotion},
	year={2001},
	volume={2},
	pages={707-715 vol.2},
	keywords={mobile robots;locomotion gait;multi-DOF flexibly-deformable machines;rope-like one-dimensional slime robot;slim slime robot;Animals;Cables;Deformable models;Lifting equipment;Manipulators;Mobile robots;Parallel robots;Probes;Springs;Strontium},
	doi={10.1109/IROS.2001.976252},
	month={},}
@article{ChosetSine,
	author = {Tesch, Matthew and Lipkin, Kevin and Brown, Isaac and L. Hatton, Ross and Peck, Aaron and Rembisz, Justine and Choset, Howie},
	year = {2009},
	month = {06},
	pages = {1131-1158},
	title = {Parameterized and Scripted Gaits for Modular Snake Robots},
	volume = {23},
	booktitle = {Advanced Robotics}
}
@INPROCEEDINGS{CPGenabling,
	author={C. Tang and S. Ma and B. Li and Y. Wang},
	booktitle={2011 IEEE/RSJ International Conference on Intelligent Robots and Systems},
	title={A self-tuning multi-phase CPG enabling the snake robot to adapt to environments},
	year={2011},
	pages={1869-1874},
	keywords={adaptive control;biomimetics;mobile robots;motion control;neurocontrollers;optimal control;robot dynamics;robot kinematics;adaptable behavior self-tuning;biomimetic robot;decision strategy;dynamic analysis;kinematic analysis;movement control;movement pattern;natural snake movement;neural control;optimal control parameters;robot body;robot limbs;self-tuning multiphase CPG;snake robot adaptation;Adaptation models;Legged locomotion;Mathematical model;Neurons;Robot kinematics;Robot sensing systems},
	doi={10.1109/IROS.2011.6094718},
	ISSN={2153-0858},
	month={Sept},}
@INPROCEEDINGS{BalancingAndControl,
	author={Chinnadurai G. and H. Ranganathan},
	booktitle={2017 Third International Conference on Advances in Electrical, Electronics, Information, Communication and Bio-Informatics (AEEICB)},
	title={Balancing and control of dual wheel swarm robots by using sensors and port forwarding router},
	year={2017},
	pages={532-536},
	doi={10.1109/AEEICB.2017.7972371},
	month={Feb},}
@ARTICLE{FeedbackControlOfSoft ,
	author={G. Gerboni and A. Diodato and G. Ciuti and M. Cianchetti and A. Menciassi},
	journal={IEEE/ASME Transactions on Mechatronics},
	title={Feedback Control of Soft Robot Actuators via Commercial Flex Bend Sensors},
	year={2017},
	volume={22},
	number={4},
	pages={1881-1888},
	keywords={Actuators;Feedback control;Robot sensing systems;Sensor systems;Soft robotics;Closed loop systems;feedback control systems;medical robotics;pneumatic actuators;soft robotics},
	doi={10.1109/TMECH.2017.2699677},
	ISSN={1083-4435},
	month={Aug},}
@article{InformationDriven,
	author = {Martius, Georg and Der, Ralf and Ay, Nihat},
	year = {2013},
	month = {05},
	pages = {e63400},
	title = {Information Driven Self-Organization of Complex Robotic Behaviors},
	volume = {8},
	booktitle = {PloS one}
}
@article{NovelPlasticityRule,
	author = {Der, Ralf and Martius, Georg},
	year = {2015},
	month = {05},
	pages = {},
	title = {Novel plasticity rule can explain the development of sensorimotor intelligence},
	volume = {112},
	booktitle = {Proceedings of the National Academy of Sciences of the United States of America}
}
@ARTICLE{MissileSystems,
	author={J. P. Cai and L. Xing and M. Zhang and L. Shen},
	journal={IEEE Access},
	title={Adaptive Neural Network Control for Missile Systems With Unknown Hysteresis Input},
	year={2017},
	volume={5},
	pages={15839-15847},
	keywords={Actuators;Adaptive systems;Backstepping;Hysteresis;Missiles;Neural networks;Missle system;adaptive control;aerodynamics;autopilot;hysteresis;neural network},
	doi={10.1109/ACCESS.2017.2726186},
	month={},}
@INPROCEEDINGS{NeuroFuzzyBayesian,
	author={A. Vitiello and G. Acampora and M. Staffa and B. Siciliano and S. Rossi},
	booktitle={2017 IEEE International Conference on Fuzzy Systems (FUZZ-IEEE)},
	title={A neuro-fuzzy-Bayesian approach for the adaptive control of robot proxemics behavior},
	year={2017},
	pages={1-6},
	doi={10.1109/FUZZ-IEEE.2017.8015647},
	month={July},}

@INPROCEEDINGS{HierarchicalKmeans,
	author={P. Shi and J. Zhong and R. Huang and J. Lin},
	booktitle={2016 8th International Conference on Information Technology in Medicine and Education (ITME)},
	title={Automated Quantitative Image Analysis of Hematoxylin-Eosin Staining Slides in Lymphoma Based on Hierarchical Kmeans Clustering},
	year={2016},
	pages={99-104},
	keywords={biological tissues;cellular biophysics;correlation methods;feature extraction;image classification;image segmentation;medical image processing;pattern clustering;HE staining lymphoma pathological image;automated HE image processing;automated quantitative image analysis;cells;cytoplasm;extracellular spaces;hematoxylin-eosin staining slides;hierarchical kmeans clustering;histopathology;image pixels classification;image segmentation;local correlation features;microscopic image;nucleus boundaries;tissue section;tissue structures;Correlation;Feature extraction;High definition video;Image color analysis;Image segmentation;Microscopy;Pathology;hematoxylin-eosin staining;image segmentation;kmeans clustering;lymphoma;tumor microstructure},
	doi={10.1109/ITME.2016.0031},
	month={Dec},}
@INPROCEEDINGS{HierarchicalClusterBased,
	author={N. Salout and F. A. Awin and A. F. Alqawasmeh and E. Abdel-Raheem},
	booktitle={2017 IEEE 30th Canadian Conference on Electrical and Computer Engineering (CCECE)},
	title={Hierarchical cluster-based cooperative spectrum sensing in cognitive radio employing soft-hard combination},
	year={2017},
	pages={1-4},
	keywords={Nakagami channels;cognitive radio;cooperative communication;pattern clustering;radio spectrum management;signal detection;Nakagami fading channel;cognitive radio;false alarm constraint;hierarchical cluster-based cooperative spectrum sensing;soft-hard combination;Nakagami fading;cognitive radio;cooperative spectrum sensing;hard combining;soft combining},
	doi={10.1109/CCECE.2017.7946839},
	month={April},}
